<record><leader>00000cas a22000007a 4500</leader><controlfield tag="001">23459247</controlfield><controlfield tag="008">910412d19051935nyuwr ne      0    0eng d</controlfield><datafield ind1=" " ind2=" " tag="010"><subfield code="a">sn 91066423 </subfield></datafield><datafield ind1=" " ind2=" " tag="040"><subfield code="a">NYS</subfield><subfield code="b">eng</subfield><subfield code="c">NYS</subfield><subfield code="d">OCLCQ</subfield></datafield><datafield ind1=" " ind2=" " tag="042"><subfield code="a">msc</subfield></datafield><datafield ind1="0" ind2="0" tag="245"><subfield code="a">Millbrook mirror and round table.</subfield></datafield><datafield ind1="3" ind2="0" tag="246"><subfield code="a">Millbrook mirror &amp; round table</subfield></datafield><datafield ind1=" " ind2=" " tag="260"><subfield code="a">Millbrook, Dutchess County, N.Y. :</subfield><subfield code="b">Millbrook Print. &amp; Pub. Co.,</subfield><subfield code="c">1905-1935.</subfield></datafield><datafield ind1=" " ind2=" " tag="300"><subfield code="a">31 v.</subfield></datafield><datafield ind1=" " ind2=" " tag="310"><subfield code="a">Weekly</subfield></datafield><datafield ind1="0" ind2=" " tag="362"><subfield code="a">Vol. 2, no. 16 (Feb. 10, 1905)- ; -Feb. 8, 1935.</subfield></datafield><datafield ind1=" " ind2=" " tag="500"><subfield code="a">Publisher: William Tyldsley, &lt;Nov. 4, 1910&gt;-</subfield></datafield><datafield ind1=" " ind2=" " tag="515"><subfield code="a">Issue for Feb. 10, 1905 also designated no. 652 but constitutes no. 653.</subfield></datafield><datafield ind1=" " ind2="4" tag="651"><subfield code="a">Millbrook (N.Y.)</subfield><subfield code="v">Newspapers.</subfield></datafield><datafield ind1=" " ind2=" " tag="752"><subfield code="a">United States</subfield><subfield code="b">New York</subfield><subfield code="c">Dutchess</subfield><subfield code="d">Millbrook.</subfield></datafield><datafield ind1="0" ind2="0" tag="780"><subfield code="t">Millbrook mirror and Millbrook round table consolidated</subfield><subfield code="w">(DLC)sn 92061459</subfield><subfield code="w">(OCoLC)25181960</subfield></datafield><datafield ind1="0" ind2="0" tag="785"><subfield code="t">Millbrook round table (Millbrook, N.Y. : 1935)</subfield><subfield code="w">(DLC)sn 90066277</subfield><subfield code="w">(OCoLC)22439237</subfield></datafield><datafield ind1="1" ind2=" " tag="029"><subfield code="a">AU@</subfield><subfield code="b">000025907893</subfield></datafield></record>